%% This BibTeX bibliography file was created using BibDesk.
%% https://bibdesk.sourceforge.io/

%% Created for Thomas Steiner at 2020-02-13 10:02:10 +0100 


%% Saved with string encoding Unicode (UTF-8) 



@techreport{carettoni17,
	Author = {Luca Carettoni},
	Institution = {Doyensec \textsc{llc}},
	Note = {\url{https://doyensec.com/resources/us-17-Carettoni-Electronegativity-A-Study-Of-Electron-Security-wp.pdf}},
	Title = {Electron Security Checklist. A guide for developers and auditors},
	Year = {2017}}

@inproceedings{luo11,
	Author = {Luo, Tongbo and Hao, Hao and Du, Wenliang and Wang, Yifei and Yin, Heng},
	Booktitle = {Proceedings of the 27th Annual Computer Security Applications Conference},
	Organization = {ACM},
	Pages = {343--352},
	Title = {Attacks on WebView in the Android system},
	Year = {2011}}

@techreport{lepage18,
	Author = {Pete LePage},
	Note = {\url{https://blog.chromium.org/2018/11/our-commitment-to-more-capable-web.html}},
	Title = {Our commitment to a more capable web},
	Year = {2018}}

@techreport{russell18,
	Author = {Alex Russell and Thomas Nattestad},
	Note = {\url{https://goo.gle/permissions-workshop-position-paper}},
	Title = {Permissions Workshop Position Paper},
	Year = {2018}}

@techreport{yasskin17,
	Author = {Jeffrey Yasskin},
	Institution = {\textsc{wicg}},
	Note = {\url{https://wicg.github.io/permissions-request/}},
	Title = {Requesting Permissions},
	Type = {Draft Community Group Report, 28 September 2017},
	Year = {2017}}

@techreport{lamouri19,
	Author = {Mounir Lamouri and Marcos C{\'a}ceres and Jeffrey Yasskin},
	Institution = {\textsc{w3c}},
	Note = {\url{https://w3c.github.io/permissions/}},
	Title = {Permissions},
	Type = {Editor's Draft, 30 October 2019},
	Year = {2019}}

@techreport{ng19,
	Author = {Dominick Ng and Rory McClelland},
	Note = {\url{https://goo.gle/access-to-powerful-features}},
	Title = {Controlling Access to Powerful Web Platform Features},
	Year = {2019}}

@techreport{champeon03,
	Author = {Steve Champeon},
	Note = {\url{http://hesketh.com/publications/progressive_enhancement_and_the_ future_of_web_design.html}},
	Title = {Progressive Enhancement and the Future of Web Design},
	Year = {2003}}

@misc{garret2005ajax,
	Author = {Jesse James Garrett},
	Howpublished = {\url{http://adaptivepath.org/ideas/ajax-new-approach-web-applications/}},
	Journal = {Adaptive Path},
	Number = {February 18},
	Title = {Ajax: A New Approach to Web Applications},
	Type = {Blog},
	Year = {2005}}

@techreport{vankesteren2008offlinewebapps,
	Author = {Anne {van Kesteren} and Ian Hickson},
	Howpublished = {\url{https://www.w3.org/TR/offline-webapps/}},
	Institution = {\textsc{w3c}},
	Month = may,
	Title = {{Offline Web Applications}},
	Type = {{\textsc{w3c} Working Group Note 30 May 2008}},
	Year = {2008}}

@misc{archibald2012douchebag,
	Author = {Jake Archibald},
	Howpublished = {\url{http://alistapart.com/article/application-cache-is-a-douchebag}},
	Journal = {A~List Apart},
	Number = {May 2012},
	Title = {Application Cache is a Douchebag},
	Type = {Blog},
	Year = {2012}}

@misc{cooney2014chromium,
	Author = {Dominic Cooney and Joshua Bell},
	Howpublished = {\url{https://blog.chromium.org/2014/12/chrome-40-beta-powerful-offline-and.html}},
	Journal = {Chromium Blog},
	Number = {Dec 2014},
	Title = {Chrome 40 Beta: Powerful Offline and Lightspeed Loading with Service Workers},
	Type = {Blog},
	Year = {2014}}

@techreport{russell2017serviceworkers,
	Author = {Alex Russell and Jungkee Song and Jake Archibald and Marijn Kruisselbrink},
	Howpublished = {\url{https://w3c.github.io/ServiceWorker/v1/}},
	Institution = {\textsc{w3c}},
	Month = dec,
	Title = {{Service Workers~1}},
	Type = {{Editor's Draft, 22 December 2017}},
	Year = {2017}}

@misc{gallagher2017twitterlite,
	Author = {Nicolas Gallagher},
	Howpublished = {\url{https://blog.twitter.com/engineering/en_us/topics/open-source/2017/how-we-built-twitter-lite.html}},
	Journal = {Twitter Blog},
	Number = {Apr 2017},
	Title = {How we built Twitter Lite},
	Type = {Blog},
	Year = {2017}}

@misc{twg2017trivago,
	Author = {Think with Google},
	Howpublished = {\url{https://www.thinkwithgoogle.com/intl/en-gb/consumer-insights/trivago-embrace-progressive-web-apps-as-the-future-of-mobile/}},
	Journal = {Think with Google},
	Number = {Sep 2017},
	Title = {{The Next Billion Users: trivago Embrace Progressive Web Apps as the Future of Mobile}},
	Type = {Blog},
	Year = {2017}}

@misc{android2018webview,
	Author = {{Android Developers}},
	Howpublished = {\url{https://developer.android.com/guide/webapps/webview.html}},
	Journal = {Android Developers},
	Number = {Jan 2018},
	Title = {Building Web Apps in WebView},
	Type = {Blog},
	Year = {2018}}

@misc{apple2018uiwebview,
	Author = {{Apple Developer Documentation}},
	Howpublished = {\url{https://developer.apple.com/library/ios/documentation/UIKit/Reference/UIWebView_Class/}},
	Journal = {Apple Developer Documentation},
	Number = {Jan 2018},
	Title = {\texttt{UIWebView}},
	Type = {Blog},
	Year = {2018}}

@misc{apple2018wkwebview,
	Author = {{Apple Developer Documentation}},
	Howpublished = {\url{https://developer.apple.com/library/ios/documentation/WebKit/Reference/WKWebView_Ref/}},
	Journal = {Apple Developer Documentation},
	Number = {Jan 2018},
	Title = {\texttt{WKWebView}},
	Type = {Blog},
	Year = {2018}}

@misc{apple2018sfsafariviewcontroller,
	Author = {{Apple Developer Documentation}},
	Howpublished = {\url{https://developer.apple.com/documentation/safariservices/sfsafariviewcontroller}},
	Journal = {Apple Developer Documentation},
	Number = {Jan 2018},
	Title = {\texttt{SFSafariViewController}},
	Type = {Blog},
	Year = {2018}}

@misc{apple2018sfauthenticationsession,
	Author = {{Apple Developer Documentation}},
	Howpublished = {\url{https://developer.apple.com/documentation/safariservices/sfauthenticationsession}},
	Journal = {Apple Developer Documentation},
	Number = {Jan 2018},
	Title = {\texttt{SFSafariAuthenticationSession}},
	Type = {Blog},
	Year = {2018}}

@techreport{caceres2017manifest,
	Author = {Marcos C{\'a}ceres and Kenneth {Rohde Christiansen} and Mounir Lamouri and Anssi Kostiainen and Rob Dolin},
	Howpublished = {\url{https://www.w3.org/TR/appmanifest/}},
	Institution = {\textsc{w3c}},
	Month = dec,
	Title = {{Web App Manifest---Living Document}},
	Type = {{\textsc{w3c} Working Draft, 29 November 2017}},
	Year = {2017}}

@misc{kinlan2017a2hs,
	Author = {Paul Kinlan},
	Howpublished = {\url{https://developers.google.com/web/updates/2017/02/improved-add-to-home-screen}},
	Journal = {Google Developers},
	Number = {Feb 2017},
	Title = {The New and Improved Add to Home Screen},
	Type = {Blog},
	Year = {2017}}

@misc{chan2015wechat,
	Author = {Connie Chan},
	Howpublished = {\url{https://a16z.com/2015/08/06/wechat-china-mobile-first/}},
	Journal = {Andreessen Horowitz---Software Is Eating the World},
	Number = {Aug 2015},
	Title = {When One App Rules Them All: The Case of WeChat and Mobile in China},
	Type = {Blog},
	Year = {2015}}

@misc{yang2017tencent,
	Author = {Yuan Yang and Yingzhi Yang},
	Howpublished = {\url{https://www.ft.com/content/59ca05e8-3ba6-11e7-821a-6027b8a20f23}},
	Journal = {Financial Times},
	Number = {May 2017},
	Title = {Tencent pushes into news feed and search in challenge to Baidu},
	Type = {Blog},
	Year = {2017}}

@misc{zhu2017pwa,
	Author = {Shunhao Zhu and Michael Yeung},
	Howpublished = {\url{https://www.youtube.com/watch?v=JCTjQx56-NY}},
	Journal = {YouTube},
	Number = {Dec 2017},
	Title = {PWA and AMP \ensuremath\heartsuit\ China (GDD China '17)},
	Type = {Blog},
	Year = {2017}}

@misc{looper2015webviews,
	Author = {Jen Looper},
	Howpublished = {\url{https://developer.telerik.com/featured/what-is-a-webview/}},
	Journal = {Telerik Developer Network},
	Number = {Nov 2015},
	Title = {What is a~WebView?},
	Type = {Blog},
	Year = {2015}}

@misc{kinlan2016customtabs,
	Author = {Paul Kinlan},
	Howpublished = {\url{https://developer.chrome.com/multidevice/android/customtabs}},
	Journal = {Google Chrome},
	Number = {May 2016},
	Title = {Chrome Custom Tabs},
	Type = {Blog},
	Year = {2016}}

@misc{googledevelopers2017twa,
	Author = {{Google Developers}},
	Howpublished = {\url{https://developers.google.com/web/updates/2017/10/using-twa}},
	Journal = {Google Developers},
	Number = {Oct 2017},
	Title = {Using Trusted Web Activity},
	Type = {Blog},
	Year = {2017}}

@misc{viticci2015safari,
	Author = {Federico Viticci},
	Howpublished = {\url{https://www.macstories.net/stories/ios-9-and-safari-view-controller-the-future-of-web-views/}},
	Journal = {MacStories},
	Number = {Jun 2015},
	Title = {i\textsc{os}~9 and Safari View Controller: The Future of Web Views},
	Type = {Blog},
	Year = {2015}}

@misc{lyndersay2017edge,
	Author = {Sean Lyndersay},
	Howpublished = {\url{https://blogs.windows.com/msedgedev/2017/10/05/microsoft-edge-ios-android-developer/}},
	Journal = {Windows Blogs},
	Number = {Oct 2017},
	Title = {{Microsoft Edge for i\textsc{os} and Android: What developers need to know}},
	Type = {Blog},
	Year = {2017}}

@misc{chromiumblog2016chrome,
	Author = {{Chromium Blog}},
	Howpublished = {\url{https://blog.chromium.org/2016/01/a-faster-more-stable-chrome-on-ios.html}},
	Journal = {Chromium Blog},
	Number = {Jan 2016},
	Title = {A~faster, more stable Chrome on i\textsc{os}},
	Type = {Blog},
	Year = {2016}}

@misc{russell2016pwa,
	Author = {Alex Russell},
	Howpublished = {\url{https://infrequently.org/2016/09/what-exactly-makes-something-a-progressive-web-app/}},
	Journal = {Infrequently Noted},
	Number = {Sep 2016},
	Title = {What, Exactly, Makes Something A~Progressive Web App?},
	Type = {Blog},
	Year = {2016}}

@misc{champeon2003progressiveenhancement,
	Author = {Steve Champeon},
	Howpublished = {\url{http://hesketh.com/publications/progressive_enhancement_and_the_future_of_web_design.html}},
	Journal = {Hesketh.com},
	Number = {Mar 2003},
	Title = {Progressive Enhancement and the Future of Web Design},
	Type = {Blog},
	Year = {2003}}

@misc{samsung2017pwa,
	Author = {Samsung},
	Howpublished = {\url{https://samsunginter.net/docs/progressive-web-apps}},
	Journal = {Samsung Internet Developer Hub},
	Number = {2017},
	Title = {Progressive Web Apps},
	Type = {Blog},
	Year = {2017}}

@techreport{beverloo2017pushapi,
	Author = {Peter Beverloo and Martin Thomson and Micha{\"e}l {van Ouwerkerk} and Bryan Sullivan and Eduardo Fullea},
	Howpublished = {\url{https://w3c.github.io/push-api/}},
	Institution = {\textsc{w3c}},
	Month = dec,
	Title = {{Push \textsc{api}}},
	Type = {{\textsc{w3c} Editor's Draft, 15 December 2017}},
	Year = {2017}}

@misc{archibald2017navigationpreload,
	Author = {Jake Archibald},
	Howpublished = {\url{https://developers.google.com/web/updates/2017/02/navigation-preload}},
	Journal = {Google Developers},
	Number = {Feb 2017},
	Title = {Speed up Service Worker with Navigation Preloads},
	Type = {Blog},
	Year = {2017}}

@techreport{beverloo2017budgetapi,
	Author = {Peter Beverloo},
	Howpublished = {\url{https://wicg.github.io/budget-api/}},
	Institution = {\textsc{wicg}},
	Month = may,
	Title = {{Web Budget \textsc{api}}},
	Type = {{\textsc{wicg} Editor's Draft, 24 May 2017}},
	Year = {2017}}

@techreport{vankesteren2018storage,
	Author = {Anne {van Kesteren}},
	Howpublished = {\url{https://storage.spec.whatwg.org/}},
	Institution = {\textsc{whatwg}},
	Month = jan,
	Title = {Storage},
	Type = {{Living Standard---Last Updated 9 January 2018}},
	Year = {2018}}

@techreport{giuca2017webshare,
	Author = {Matt Giuca},
	Institution = {\textsc{w3c}},
	Month = nov,
	Note = {\url{https://wicg.github.io/web-share/}},
	Title = {Web Share \textsc{api}},
	Type = {{Draft Community Group Report, 30 November 2017}},
	Year = {2017}}

@techreport{lamouri2017mediasessionapi,
	Author = {Mounir Lamouri},
	Howpublished = {\url{https://wicg.github.io/mediasession/}},
	Institution = {\textsc{wicg}},
	Month = aug,
	Title = {Media Session Standard},
	Type = {{Editor's Draft, 17 August 2017}},
	Year = {2017}}

@techreport{lamouri2017mediacapabilities,
	Author = {Mounir Lamouri},
	Howpublished = {\url{https://wicg.github.io/media-capabilities/}},
	Institution = {\textsc{wicg}},
	Month = dec,
	Title = {Media Capabilities},
	Type = {{Draft Community Group Report, 12 December 2017}},
	Year = {2017}}

@techreport{panicker2017devicememory,
	Author = {Shubhie Panicker},
	Howpublished = {\url{https://w3c.github.io/device-memory/}},
	Institution = {\textsc{wicg}},
	Month = dec,
	Title = {Device Memory~1},
	Type = {{Editor's Draft, 11 December 2017}},
	Year = {2017}}

@misc{kinlan2017relatedapps,
	Author = {Paul Kinlan},
	Howpublished = {\url{https://developers.google.com/web/updates/2017/04/getinstalledrelatedapps}},
	Journal = {Google Developers},
	Number = {Apr 2017},
	Title = {Detect if your Native app is installed from your web site},
	Type = {Blog},
	Year = {2017}}

@techreport{bateman2017paymentrequest,
	Author = {Adrian Bateman and Zach Koch and Roy McElmurry and Domenic Denicola and Marcos C{\'a}ceres},
	Howpublished = {\url{https://www.w3.org/TR/payment-request/}},
	Institution = {\textsc{w3c}},
	Month = sep,
	Title = {Payment Request \textsc{api}},
	Type = {{\textsc{w3c} Candidate Recommendation, 21 September 2017}},
	Year = {2017}}

@techreport{west2017credentialmanagement,
	Author = {Mike West},
	Howpublished = {\url{https://www.w3.org/TR/credential-management/}},
	Institution = {\textsc{w3c}},
	Month = aug,
	Title = {Credential Management Level~1},
	Type = {{\textsc{w3c} Working Draft, 4 August 2017}},
	Year = {2017}}

@misc{andersen2008useragent,
	Author = {Aaron Andersen},
	Howpublished = {\url{https://webaim.org/blog/user-agent-string-history/}},
	Journal = {Web\textsc{aim}},
	Number = {Sep 2008},
	Title = {History of the browser user-agent string},
	Type = {Blog},
	Year = {2008}}

@misc{davis2017safari,
	Author = {Jon Davis},
	Howpublished = {\url{https://webkit.org/blog/8042/release-notes-for-safari-technology-preview-46/}},
	Journal = {WebKit},
	Number = {Dec 2017},
	Title = {Release Notes for Safari Technology Preview~46},
	Type = {Blog},
	Year = {2017}}

@misc{chrome2018useragent,
	Author = {{Google Chrome}},
	Howpublished = {\url{https://developer.chrome.com/multidevice/user-agent}},
	Journal = {Google Chrome},
	Number = {Jan 2018},
	Title = {User Agent Strings},
	Type = {Blog},
	Year = {2018}}

@misc{mondello2018safari,
	Author = {Ricky Mondello},
	Howpublished = {\url{https://twitter.com/rmondello/status/956256845311590400}},
	Journal = {Twitter},
	Number = {Jan 2018},
	Title = {@rmondello on Twitter: ``iOS 11.3 and macOS 10.13.4 include Service Workers---a~powerful specification that allows background scripts to power offline web applications. i\textsc{os}~11.3 also consults Web App Manifest when adding web apps to the home screen''},
	Type = {Blog},
	Year = {2018}}

@misc{leenheer2017paymentrequest,
	Author = {Niels Leenheer	},
	Howpublished = {\url{https://nielsleenheer.com/articles/2017/about-chrome-ios-and-payment-request/}},
	Journal = {Hello, my name is Niels Leenheer},
	Number = {Oct 2017},
	Title = {About Chrome, i\textsc{os} and Payment Request},
	Type = {Blog},
	Year = {2017}}

@techreport{kay13,
	Author = {Erik Kay},
	Institution = {Google},
	Note = {\url{https://chrome.googleblog.com/2013/09/a-new-breed-of-chrome-apps.html}},
	Title = {A new breed of Chrome Apps},
	Year = {2013}}

@techreport{kruisselbrink19,
	Author = {Marijn Kruisselbrink},
	Institution = {\textsc{wicg}},
	Note = {\url{https://wicg.github.io/native-file-system/}},
	Title = {Native File System},
	Type = {Draft Community Group Report, 18 November 2019},
	Year = {2019}}

@techreport{beverloo19,
	Author = {Peter Beverloo and Rayan Kanso},
	Institution = {\textsc{wicg}},
	Note = {\url{https://wicg.github.io/contact-api/spec/}},
	Title = {Contact Picker \textsc{api}},
	Type = {Unofficial Proposal Draft, 4 November 2019},
	Year = {2019}}

@techreport{kacmarcik19,
	Author = {Gary Kacmarcik and Grisha Lyukshin},
	Institution = {\textsc{w3c}},
	Note = {\url{https://w3c.github.io/clipboard-apis/}},
	Title = {Clipboard \textsc{api} and events},
	Type = {Editor's Draft, 22 August 2019},
	Year = {2019}}

@techreport{giuca19,
	Author = {Matt Giuca and Jay Harris},
	Institution = {\textsc{wicg}},
	Note = {\url{https://wicg.github.io/badging/}},
	Title = {Badging \textsc{api}},
	Type = {Draft Community Group Report, 11 November 2019},
	Year = {2019}}
